%% This BibTeX bibliography file was created using BibDesk.
%% https://bibdesk.sourceforge.io/

%% Created for Ethan Kelly at 2021-06-09 19:38:49 +0100 


%% Saved with string encoding Unicode (UTF-8) 



@article{hethcote_00,
	author = {H Hethcote},
	date-added = {2021-06-09 12:26:40 +0100},
	date-modified = {2021-06-09 12:27:38 +0100},
	journal = {SIAM Review},
	number = {4},
	pages = {599-653},
	title = {The mathematics of infectious diseases},
	volume = {42},
	year = {2000}}

@article{ferguson_2006,
	author = {Ferguson, N M and Cummings, D A and Fraser, C and Cajka, J C and Cooley, P C and Burke, D S},
	date-added = {2021-05-28 08:34:25 +0100},
	date-modified = {2021-05-28 08:36:28 +0100},
	journal = {Nature},
	number = {7101},
	pages = {448-452},
	title = {Strategies for mitigating an influenza pandemic},
	volume = {442},
	year = {2006}}

@article{guerra_2017,
	author = {Guerra, Fiona M. and Bolotin, Shelly and Lim, Gillian and Heffernan, Jane and Deeks, Shelley L. and Li, Ye and Crowcroft, Natasha S.},
	date-added = {2021-05-28 08:34:25 +0100},
	date-modified = {2021-05-28 08:34:57 +0100},
	journal = {The Lancet Infectious Diseases},
	number = {12},
	pages = {420-428},
	title = {The basic reproduction number ($R_0$) of measles: a systematic review},
	volume = {17},
	year = {2017}}

@book{grimmett_1999,
	address = {Berlin},
	author = {G Grimmett},
	date-added = {2021-05-28 08:34:25 +0100},
	date-modified = {2021-05-28 08:36:19 +0100},
	edition = {2},
	publisher = {Springer-Verlag},
	title = {Percolation},
	year = {1999}}

@article{kersten_1980,
	author = {H Kersten},
	date-added = {2021-05-28 08:34:25 +0100},
	date-modified = {2021-05-28 08:36:11 +0100},
	journal = {Communications in mathematical physics},
	number = {1},
	pages = {41-59},
	title = {The critical probability of bond percoation on the square lattice equals 1/2},
	volume = {74},
	year = {1980}}

@book{klenke_2014,
	address = {Berlin Heidelberg},
	author = {Achim Klenke},
	date-added = {2021-05-28 08:34:25 +0100},
	date-modified = {2021-05-28 08:36:02 +0100},
	edition = {2},
	publisher = {Springer},
	title = {Probability Theory},
	year = {2014}}

@article{kiss_2014,
	author = {Kiss, Istvan Z. and Morris, Charles G. and S{\'e}lley, Fanni and Simon, P{\'e}ter L. and Wilkinson, Robert R.},
	doi = {10.1007/s00285-014-0772-0},
	journal = {Journal of Mathematical Biology},
	number = {3},
	pages = {437--464},
	title = {Exact deterministic representation of Markovian ${SIR}$ epidemics on networks with and without loops},
	volume = {70},
	year = {2014},
	Bdsk-Url-1 = {https://doi.org/10.1007/s00285-014-0772-0}}

@article{obrien_2019,
	author = {O'Brien, Joseph D and Dassios, Ioannis K and Gleeson, James P},
	date-added = {2020-10-08 21:23:03 +0100},
	date-modified = {2021-06-09 19:38:47 +0100},
	journal = {New Journal of Physics},
	month = {02},
	number = {2},
	title = {Spreading of memes on multiplex networks},
	volume = {21},
	year = {2019}}

@article{finbow_2009,
	author = {Stephen Finbow and Gary MacGillivray},
	journal = {The Australasian Journal of Combinatorics},
	month = {02},
	title = {The Firefighter Problem: A survey of results, directions and questions},
	volume = {43},
	year = {2009}}

@conference{hartnell_1995,
	author = {B L Hartnell},
	booktitle = {25th Manitoba Conference on Combinatorial Mathematics and Computing},
	organization = {University of Manitoba in Winnipeg, Canada},
	title = {Firefighter! An application of domination},
	year = {1995}}
